<?xml version="1.0" encoding="UTF-8"?><collection xmlns="http://www.loc.gov/MARC21/slim"><record><leader>00551nam--2200205-u-4500</leader><controlfield tag="001">000056728</controlfield><controlfield tag="002">20170202</controlfield><controlfield tag="005">20170202091134</controlfield><controlfield tag="008">170202s1000------------r-----000-0-eng-d</controlfield><datafield ind1=" " ind2=" " tag="040"><subfield code="a">IFIN-HH</subfield></datafield><datafield ind1="0" ind2=" " tag="041"><subfield code="a">eng</subfield></datafield><datafield ind1=" " ind2=" " tag="080"><subfield code="a">543.51</subfield></datafield><datafield ind1="1" ind2=" " tag="100"><subfield code="a">Ernst, F</subfield></datafield><datafield ind1="1" ind2="0" tag="245"><subfield code="a">High-Resolution Imaging and Spectrometry of Materials</subfield><subfield code="c">F. Ernst, M. Ruhle (Eds.)</subfield></datafield><datafield ind1=" " ind2=" " tag="260"><subfield code="a">Berlin</subfield><subfield code="b">Springer</subfield><subfield code="c">2003</subfield></datafield><datafield ind1=" " ind2=" " tag="300"><subfield code="a">XI+440p</subfield></datafield><datafield ind1="0" ind2=" " tag="490"><subfield code="a">Springer Series in Materials Science</subfield></datafield><datafield ind1="1" ind2=" " tag="700"><subfield code="a">Ruhle, M</subfield><subfield code="e">ed</subfield></datafield><datafield ind1=" " ind2=" " tag="852"><subfield code="a">81431</subfield><subfield code="c">543.51</subfield></datafield><datafield ind1=" " ind2=" " tag="CAT"><subfield code="a">SYS</subfield><subfield code="c">20170202</subfield><subfield code="h">091134</subfield></datafield></record></collection>